

@inproceedings{pointnet ,
	title = {{PointNet: Deep Learning on Point Sets for 3D Classification and Segmentation}},
	booktitle = {Proceedings - 30th IEEE Conference on Computer Vision and Pattern Recognition, CVPR 2017},
	author = {Qi, Charles R. and Su, Hao and Mo, Kaichun and Guibas, Leonidas J.},
	volume = {2017-January},
	year = {2017},
	pages = {77 - 85},
} 

@inproceedings{lora ,
	title = {{LoRA: Low-Rank Adaptation of Large Language Models}},
	booktitle = {ICLR 2022 - 10th International Conference on Learning Representations},
	author = {Hu, Edward and Shen, Yelong and Wallis, Phillip and Allen-Zhu, Zeyuan and Li, Yuanzhi and Wang, Shean and Wang, Lu and Chen, Weizhu},
	year = {2022},
	pages = {1 - 17},
} 

@inproceedings{ModelNet40 ,
	title = {{3D ShapeNets: A Deep Representation for Volumetric Shapes}},
	booktitle = {Proceedings of the IEEE Computer Society Conference on Computer Vision and Pattern Recognition},
	author = {Wu, Zhirong and Song, Shuran and Khosla, Aditya and Yu, Fisher and Zhang, Linguang and Tang, Xiaoou and Xiao, Jianxiong},
	volume = {07-12-June-2015},
	year = {2015},
	pages = {1912 - 1920},
	issn = {10636919},
} 
@inproceedings{attention,
	title = {{Attention Is All You Need}},
	booktitle = {Advances in Neural Information Processing Systems 30 (NIPS 2017)},
	author = {Vaswani, Ashish and Shazeer, Noam and Parmar, Niki and Uszkoreit, Jakob and Jones, Llion and Gomez, Aidan N. and Kaiser, Lukasz and Polosukhin, Illia},
	volume = {2017-December},
	year = {2017},
	pages = {5998 - 6008},
	url = {https://proceedings.neurips.cc/paper_files/paper/2017/file/3f5ee243547dee91fbd053c1c4a845aa-Paper.pdf}
}



@inproceedings{PointNet++ ,
	title = {{PointNet++: Deep Hierarchical Feature Learning on Point Sets in a Metric Space}},
	booktitle = {Advances in Neural Information Processing Systems},
	author = {Qi, Charles R. and Yi, Li and Su, Hao and Guibas, Leonidas J.},
	volume = {2017-December},
	year = {2017},
	pages = {5100 - 5109},
} 

@inproceedings{pt ,
	title = {{Point Transformer}},
	booktitle = {Proceedings of the IEEE International Conference on Computer Vision},
	author = {Zhao, Hengshuang and Jiang, Li and Jia, Jiaya and Torr, Philip and Koltun, Vladlen},
	year = {2021},
	pages = {16239 - 16248},
	issn = {15505499},
} 


@article{PCT ,
	title = {{PCT: Point Cloud Transformer}},
	journal = {Computational Visual Media},
	author = {Guo, Menghao and Cai, Junxiong and Liu, Zhengning and Mu, Taijiang and Martin, Ralph R. and Hu, Shimin},
	volume = {7},
	number = {2},
	year = {2021},
	pages = {187 - 199},
	issn = {20960433},
} 

	
@inproceedings{pointmae ,
	title = {{Masked Autoencoders forÂ Point Cloud Self-Supervised Learning}},
	booktitle = {Lecture Notes in Computer Science (including subseries Lecture Notes in Artificial Intelligence and Lecture Notes in Bioinformatics)},
	author = {Pang, Yatian and Wang, Wenxiao and Tay, Francis E. H. and Liu, Wei and Tian, Yonghong and Yuan, Li},
	volume = {13662 LNCS},
	year = {2022},
	pages = {604 - 621},
	issn = {03029743},
} 

@inproceedings{spt ,
	title = {{Efficient 3D Semantic Segmentation with Superpoint Transformer}},
	booktitle = {Proceedings of the IEEE International Conference on Computer Vision},
	author = {Robert, Damien and Raguet, Hugo and Landrieu, Loic},
	year = {2023},
	pages = {17149 - 17158},
	issn = {15505499},
} 
@inproceedings{OneFormer3D ,
	title = {{OneFormer3D: One Transformer for Unified Point Cloud Segmentation}},
	booktitle = {Proceedings of the IEEE Computer Society Conference on Computer Vision and Pattern Recognition},
	author = {Kolodiazhnyi, Maxim and Vorontsova, Anna and Konushin, Anton and Rukhovich, Danila},
	year = {2024},
	pages = {20943 - 20953},
	issn = {10636919},
} 
@article{gsrnet,
	title = {{Robust Point Cloud Registration Using Geometric Spatial Refinement}},
	journal = {IEEE Robotics and Automation Letters},
	author = {Qi, Zhongdong and Li, Shuang and Hu, Jianwei and Chen, Xin and Wang, Zhaobin and Zhang, Xin},
	volume = {8},
	number = {7},
	year = {2023},
	pages = {4183 - 4190},
	issn = {2377-3766},
	doi = {10.1109/LRA.2023.3280817},
	publisher = {IEEE}
}


@article{geotransformer,
	title = {{GeoTransformer: Fast and Robust Point Cloud Registration with Geometric Transformer}},
	journal = {IEEE Transactions on Pattern Analysis and Machine Intelligence},
	author = {Qin, Zheng and Yu, Hao and Wang, Changjian and Guo, Yulan and Peng, Yuxing and Xu, Kai},
	volume = {45},
	number = {9},
	year = {2023},
	pages = {9806 - 9821},
	issn = {1939-3539},
	doi = {10.1109/TPAMI.2023.3259038},
	publisher = {IEEE}
}
@article{pointmsgt,
	title = {{Multi-Scale Geometric Feature Extraction and Global Transformer for Real-World Indoor Point Cloud Analysis}},
	journal = {Mathematics},
	author = {Chen, Yiming and Xiao, Yiqun and Wu, Hao and Chen, Chao and Lin, Dong},
	volume = {12},
	number = {23},
	year = {2024},
	pages = {3827},
	issn = {2227-7390},
	doi = {10.3390/math12233827},
	url = {https://doi.org/10.3390/math12233827},
	publisher = {MDPI}
}
@article{pointga,
	title = {{Geometrically Aware Transformer for Point Cloud Analysis}},
	journal = {Scientific Reports},
	author = {Chen, Siyuan and Fang, Zhiwei and Wan, Siyao and Zhou, Ting and Chen, Chunlin and Wang, Meng and Li, Qianming},
	volume = {15},
	number = {1},
	year = {2025},
	pages = {16545},
	issn = {2045-2322},
	doi = {10.1038/s41598-025-00789-7},
	url = {https://doi.org/10.1038/s41598-025-00789-7},
	publisher = {Nature Publishing Group}
}	
	
@inproceedings{oacnn ,
	title = {{OA-CNNs: Omni-Adaptive Sparse CNNs for 3D Semantic Segmentation}},
	booktitle = {Proceedings of the IEEE Computer Society Conference on Computer Vision and Pattern Recognition},
	author = {Peng, Bohao and Wu, Xiaoyang and Jiang, Li and Chen, Yukang and Zhao, Hengshuang and Tian, Zhuotao and Jia, Jiaya},
	year = {2024},
	pages = {21305 - 21315},
	issn = {10636919},
} 
	
 
@inproceedings{ppt ,
	title = {{Towards Large-Scale 3D Representation Learning with Multi-Dataset Point Prompt Training}},
	booktitle = {Proceedings of the IEEE Computer Society Conference on Computer Vision and Pattern Recognition},
	author = {Wu, Xiaoyang and Tian, Zhuotao and Wen, Xin and Peng, Bohao and Liu, Xihui and Yu, Kaicheng and Zhao, Hengshuang},
	year = {2024},
	pages = {19551 - 19562},
	issn = {10636919},
} 
	
	
@article{Swin3D ,
	title = {{Swin3D: A Pretrained Transformer Backbone for 3D Indoor Scene Understanding}},
	journal = {Computational Visual Media},
	author = {Yang, Yuqi and Guo, Yuxiao and Xiong, Jianyu and Liu, Yang and Pan, Hao and Wang, Pengshuai and Tong, Xin and Guo, Baining},
	volume = {11},
	number = {1},
	year = {2025},
	pages = {83 - 101},
	issn = {20960433},
	url = {http://dx.doi.org/10.26599/CVM.2025.9450383},
} 
	
@inproceedings{pmb ,
	title = {{Meta Architecture for Point Cloud Analysis}},
	booktitle = {Proceedings of the IEEE Computer Society Conference on Computer Vision and Pattern Recognition},
	author = {Lin, Haojia and Zheng, Xiawu and Li, Lijiang and Chao, Fei and Wang, Shanshan and Wang, Yan and Tian, Yonghong and Ji, Rongrong},
	volume = {2023-June},
	year = {2023},
	pages = {17682 - 17691},
	issn = {10636919},
	url = {http://dx.doi.org/10.1109/CVPR52729.2023.01696},
} 
	
	
	
	
	
@inproceedings{ptv2 ,
	title = {{Point Transformer V2: Grouped Vector Attention and Partition-based Pooling}},
	booktitle = {Advances in Neural Information Processing Systems},
	author = {Wu, Xiaoyang and Lao, Yixing and Jiang, Li and Liu, Xihui and Zhao, Hengshuang},
	volume = {35},
	year = {2022},
	pages = {33330 - 33342},
	issn = {10495258},
} 

@inproceedings{ptv3 ,
	title = {{Point Transformer V3: Simpler, Faster, Stronger}},
	booktitle = {Proceedings of the IEEE Computer Society Conference on Computer Vision and Pattern Recognition},
	author = {Wu, Xiaoyang and Jiang, Li and Wang, Pengshuai and Liu, Zhijian and Liu, Xihui and Qiao, Yu and Ouyang, Wanli and He, Tong and Zhao, Hengshuang},
	year = {2024},
	pages = {4840 - 4851},
	issn = {10636919},
	url = {http://dx.doi.org/10.1109/CVPR52733.2024.00463},
} 	

	
@inproceedings{Point-BERT ,
	title = {{Point-BERT: Pre-Training 3D Point Cloud Transformers with Masked Point Modeling}},
	booktitle = {Proceedings of the IEEE Computer Society Conference on Computer Vision and Pattern Recognition},
	author = {Yu, Xumin and Tang, Lulu and Rao, Yongming and Huang, Tiejun and Zhou, Jie and Lu, Jiwen},
	volume = {2022-June},
	year = {2022},
	pages = {19291 - 19300},
	issn = {10636919},
} 

	
@inproceedings{ssm ,
	title = {{Efficiently Modeling Long Sequences with Structured State Spaces}},
	booktitle = {ICLR 2022 - 10th International Conference on Learning Representations},
	author = {Gu, Albert and Goel, Karan and Re, Christopher},
	year = {2022},
	pages = {1370 - 1382},
}
	
@article{RNN ,
	title = {{Fundamentals of Recurrent Neural Network (RNN) and Long Short-Term Memory (LSTM) Network}},
	journal = {Physica D: Nonlinear Phenomena},
	author = {Sherstinsky, Alex},
	volume = {404},
	year = {2020},
	issn = {01672789},
	pages = {132306 - 132349},
} 
	
	
	
	
@article{Lstm ,
	title = {{A Review of Recurrent Neural Networks: LSTM Cells and Network Architectures}},
	journal = {Neural Computation},
	author = {Yu, Yong and Si, Xiaosheng and Hu, Changhua and Zhang, Jianxun},
	volume = {31},
	number = {7},
	year = {2019},
	pages = {1235 - 1270},
	issn = {08997667},
} 
	
	
	
	
@article{OctFormer ,
	title = {{Octformer: Octree-based Transformers for 3D Point Clouds}},
	journal = {ACM Transactions on Graphics},
	author = {Wang, Pengshuai},
	volume = {42},
	number = {4},
	year = {2023},
	issn = {07300301},
	pages = {5166 - 5175},
} 
	
	
	
	

@inproceedings{ConDaFormer ,
	title = {{ConDaFormer: Disassembled Transformer with Local Structure Enhancement for 3D Point Cloud Understanding}},
	booktitle = {Advances in Neural Information Processing Systems},
	author = {Duan, Lunhao and Zhao, Shanshan and Xue, Nan and Gong, Mingming and Xia, Guisong and Tao, Dacheng},
	volume = {36},
	year = {2023},
	issn = {10495258},
	pages = {23886 - 23901},
} 	
	
	
	
	
	
@article{Mamba ,
	title = {{Mamba: Linear-Time Sequence Modeling with Selective State Spaces}},
	journal = {arXiv preprint arXiv:2312.00752},
	author = {Gu, Albert and Dao, Tri},
	year = {2023},
	issn = {23318422},
	url = {http://dx.doi.org/10.48550/arXiv.2312.00752},
} 
	
@inproceedings{superpoint ,
	title = {{Superpoint Transformer for 3D Scene Instance Segmentation}},
	booktitle = {Proceedings of the 37th AAAI Conference on Artificial Intelligence, AAAI 2023},
	author = {Sun, Jiahao and Qing, Chunmei and Tan, Junpeng and Xu, Xiangmin},
	volume = {37},
	year = {2023},
	pages = {2393 - 2401},
} 
	
	
	
@inproceedings{s3dis ,
	title = {{3D Semantic Parsing of Large-Scale Indoor Spaces}},
	booktitle = {Proceedings of the IEEE Computer Society Conference on Computer Vision and Pattern Recognition},
	author = {Armeni, Iro and Sener, Ozan and Zamir, Amir R. and Jiang, Helen and Brilakis, Ioannis and Fischer, Martin and Savarese, Silvio},
	volume = {2016-December},
	year = {2016},
	pages = {1534 - 1543},
	issn = {10636919},
} 


	
@inproceedings{PointMamba ,
	title = {{PointMamba: A Simple State Space Model for Point Cloud Analysis}},
	booktitle = {Advances in Neural Information Processing Systems},
	author = {Liang, Dingkang and Zhou, Xin and Xu, Wei and Zhu, Xingkui and Zou, Zhikang and Ye, Xiaoqing and Tan, Xiao and Bai, Xiang},
	volume = {37},
	year = {2024},
	issn = {10495258},
	pages = {1534 - 1543},
} 

@inproceedings{pcm,
	title = {{Point Cloud Mamba: Point Cloud Learning via State Space Model}},
	booktitle = {Proceedings of the AAAI Conference on Artificial Intelligence},
	author = {Zhang, Tao and Yuan, Haobo and Qi, Lu and Zhang, Jiangning and Zhou, Qianyu and Ji, Shunping and Yan, Shuicheng and Li, Xiangtai},
	volume = {39},
	number = {10},
	year = {2025},
	pages = {10121 - 10130},
	URL = {http://dx.doi.org/10.1609/aaai.v39i10.33098},
}

@article{MSDCNN ,
	title = {{MSDCNN: A Multiscale Dilated Convolution Neural Network for Fine-Grained 3D Shape Classification}},
	journal = {Neural Networks},
	author = {Zhou, Wei and Zheng, Fujian and Zhao, Yiheng and Pang, Yiran and Yi, Jun},
	volume = {172},
	year = {2024},
	issn = {08936080},
	pages = {106141 - 106151},
} 
@article{C2BG ,
	title = {{C2BG-Net: Cross-Modality and Cross-Scale Balance Network with Global Semantics for Multi-Modal 3D Object Detection}},
	journal = {Neural Networks},
	author = {Ding, Bonan and Xie, Jin and Nie, Jing and Wu, Yulong and Cao, Jiale},
	volume = {179},
	year = {2024},
	issn = {08936080},
	pages = {106535 - 106546},
} 
@article{Vertex,
	title = {{Vertex Points Are Not Enough: Monocular 3D Object Detection via Intra- and Inter-plane Constraints}},
	journal = {Neural Networks},
	volume = {162},
	pages = {350 - 358},
	year = {2023},
	issn = {0893-6080},
	doi = {10.1016/j.neunet.2023.02.038},
	url = {https://www.sciencedirect.com/science/article/pii/S0893608023001119},
	author = {Yao, Hongdou and Chen, Jun and Wang, Zheng and Wang, Xiao and Chai, Xiaoyu and Qiu, Yansheng and Han, Pengfei},
}

@inproceedings{VisionMamba ,
	title = {{Vision Mamba: Efficient Visual Representation Learning with Bidirectional State Space Model}},
	booktitle = {Proceedings of Machine Learning Research},
	author = {Zhu, Lianghui and Liao, Bencheng and Zhang, Qian and Wang, Xinlong and Liu, Wenyu and Wang, Xinggang},
	volume = {235},
	year = {2024},
	pages = {62429 - 62442},
	issn = {26403498},
} 	
	
@article{Pyramid ,
	title = {{Pyramid Scene Parsing Network in 3D: Improving Semantic Segmentation of Point Clouds with Multi-Scale Contextual Information}},
	journal = {ISPRS Journal of Photogrammetry and Remote Sensing},
	author = {Fang, Hao and Lafarge, Florent},
	volume = {154},
	year = {2019},
	pages = {246 - 258},
	issn = {09242716},
	url = {http://dx.doi.org/10.1016/j.isprsjprs.2019.06.010},
} 
	
	
@inproceedings{ScanNet ,
	title = {{ScanNet: Richly-Annotated 3D Reconstructions of Indoor Scenes}},
	booktitle = {Proceedings - 30th IEEE Conference on Computer Vision and Pattern Recognition, CVPR 2017},
	author = {Dai, Angela and Chang, Angel X. and Savva, Manolis and Halber, Maciej and Funkhouser, Thomas and Niecner, Matthias},
	volume = {2017-January},
	year = {2017},
	pages = {2432 - 2443},
	url = {http://dx.doi.org/10.1109/CVPR.2017.261},
} 

	
@inproceedings{KPConv ,
	title = {{KPConv: Flexible and Deformable Convolution for Point Clouds}},
	booktitle = {Proceedings of the IEEE International Conference on Computer Vision},
	author = {Thomas, Hugues and Qi, Charles R. and Marcotegui, Beatriz and Goulette, Francois and Guibas, Leonidas},
	year = {2019},
	pages = {6410 - 6419},
	issn = {15505499},
	url = {http://dx.doi.org/10.1109/ICCV.2019.00651},
} 	


@inproceedings{Randla ,
	title = {{RandLA-Net: Efficient Semantic Segmentation of Large-Scale Point Clouds}},
	booktitle = {Proceedings of the IEEE Computer Society Conference on Computer Vision and Pattern Recognition},
	author = {Hu, Qingyong and Yang, Bo and Xie, Linhai and Rosa, Stefano and Guo, Yulan and Wang, Zhihua and Trigoni, Niki and Markham, Andrew},
	year = {2020},
	pages = {11105 - 11114},
	issn = {10636919},
	url = {http://dx.doi.org/10.1109/CVPR42600.2020.01112},
} 	
	
@article{FusionNet ,
	title = {{FusionNet: Detection of Foreign Objects in Transmission Lines During Inclement Weather}},
	journal = {IEEE Transactions on Instrumentation and Measurement},
	author = {Ji, Chao and Jia, Xinghai and Huang, Xinbo and Zhou, Siyuan and Chen, Guoyan and Zhu, Yongcan},
	volume = {73},
	year = {2024},
	pages = {1 - 18},
	issn = {00189456},
	url = {http://dx.doi.org/10.1109/TIM.2024.3403173},
} 
@article{DGCNN ,
	title = {{Dynamic Graph CNN for Learning on Point Clouds}},
	journal = {ACM Transactions on Graphics},
	author = {Wang, Yue and Sun, Yongbin and Liu, Ziwei and Sarma, Sanjay E. and Bronstein, Michael M. and Solomon, Justin M.},
	volume = {38},
	number = {5},
	pages = {1 - 12},
	year = {2019},
	issn = {07300301},
} 
@inproceedings{fpn,
	title = {{Feature Pyramid Networks for Object Detection}},
	author = {Lin, Tsung-Yi and Dollar, Piotr and Girshick, Ross and He, Kaiming and Hariharan, Bharath and Belongie, Serge},
	booktitle = {Proceedings of the IEEE Conference on Computer Vision and Pattern Recognition},
	pages = {2117 - 2125},
	year = {2017}
}
	
@inproceedings{Point-GNN ,
	title = {{Point-GNN: Graph Neural Network for 3D Object Detection in a Point Cloud}},
	booktitle = {Proceedings of the IEEE Computer Society Conference on Computer Vision and Pattern Recognition},
	author = {Shi, Weijing and Rajkumar, Ragunathan},
	year = {2020},
	pages = {1708 - 1716},
	issn = {10636919},
	url = {http://dx.doi.org/10.1109/CVPR42600.2020.00178},
} 	
	
	
@inproceedings{geo-cnn ,
	title = {{Modeling Local Geometric Structure of 3D Point Clouds Using Geo-CNN}},
	booktitle = {Proceedings of the IEEE Computer Society Conference on Computer Vision and Pattern Recognition},
	author = {Lan, Shiyi and Yu, Ruichi and Yu, Gang and Davis, Larry S.},
	volume = {2019-June},
	year = {2019},
	pages = {998 - 1008},
	issn = {10636919},
	url = {http://dx.doi.org/10.1109/CVPR.2019.00109},
} 
	
@inproceedings{FEMAE ,
	title = {{Towards Compact 3D Representations via Point Feature Enhancement Masked Autoencoders}},
	booktitle = {Proceedings of the AAAI Conference on Artificial Intelligence},
	author = {Zha, Yaohua and Ji, Huizhen and Li, Jinmin and Li, Rongsheng and Dai, Tao and Chen, Bin and Wang, Zhi and Xia, Shutao},
	volume = {38},
	number = {7},
	year = {2024},
	pages = {6962 - 6970},
	issn = {21595399},
} 
	
	
@inproceedings{Point2Vec ,
	title = {{Point2Vec for Self-Supervised Representation Learning on Point Clouds}},
	booktitle = {Lecture Notes in Computer Science (including subseries Lecture Notes in Artificial Intelligence and Lecture Notes in Bioinformatics)},
	author = {Zeid, Karim Abou and Schult, Jonas and Hermans, Alexander and Leibe, Bastian},
	volume = {14264 LNCS},
	year = {2024},
	pages = {131 - 146},
	issn = {03029743},
	url = {http://dx.doi.org/10.1007/978-3-031-54605-1_9},
} 	


@inproceedings{Mamba3D ,
	title = {{Mamba3D: Enhancing Local Features for 3D Point Cloud Analysis via State Space Model}},
	booktitle = {MM 2024 - Proceedings of the 32nd ACM International Conference on Multimedia},
	author = {Han, Xu and Tang, Yuan and Wang, Zhaoxuan and Li, Xianzhi},
	year = {2024},
	pages = {4995 - 5004},
	url = {http://dx.doi.org/10.1145/3664647.3681173},
} 
	
@article{OTMae3D ,
	title = {{Rethinking Masked Representation Learning for 3D Point Cloud Understanding}},
	journal = {IEEE Transactions on Image Processing},
	author = {Wang, Chuxin and Zha, Yixin and He, Jianfeng and Yang, Wenfei and Zhang, Tianzhu},
	volume = {34},
	year = {2025},
	pages = {247 - 262},
	issn = {10577149},
} 
% Multi-scale feature fusion references for point cloud analysis

@article{adaptive_fusion_2025,
	title={{Multi-Scale Sparse Convolution and Point Convolution Adaptive Fusion Point Cloud Semantic Segmentation Method}},
	author={Bi, Yuxuan and Liu, Peng and Zhang, Tianyi and Shi, Jialin and Wang, Caixia},
	journal={Scientific Reports},
	volume={15},
	number={1},
	pages={2308},
	year={2025},
	publisher={Nature Publishing Group},
	doi={10.1038/s41598-025-88905-5}
}



@article{projection_based_fusion_2024,
	title={{Multi-Scale Feature Fusion Point Cloud Object Detection Based on Original Point Cloud and Projection}},
	author={Liu, Zhiyu and Zhang, Kai and Wang, Hao and Chen, Mingshan},
	journal={Electronics},
	volume={13},
	number={11},
	pages={2213},
	year={2024},
	publisher={MDPI},
	doi={10.3390/electronics13112213}
}

@article{local_feature_fusion_2024,
	title={{Point Cloud Semantic Segmentation Based on Local Feature Fusion and Multilayer Attention Network}},
	author={Wen, Chao and Li, Xiaokang and Yao, Xueming and Mu, Bowen and Zhang, Jing and Xue, Jingpei},
	journal={IET Computer Vision},
	volume={18},
	number={2},
	pages={200 - 212},
	year={2024},
	publisher={IET},
	doi={10.1049/cvi2.12255}
}

@article{multiscale_survey_2024,
	title={{Deep Learning for 3D Point Cloud Enhancement: A Survey}},
	author={Li, Siqi and Zhang, Wei and Wang, Xiaoming and Chen, Hao},
	journal={arXiv preprint arXiv:2411.00857},
	year={2024},
	url={https://arxiv.org/abs/2411.00857}
}
